<?xml version="1.0" encoding="UTF-8"?><collection xmlns="http://www.loc.gov/MARC21/slim"><record><leader>00360nam--2200133-i-4500</leader><controlfield tag="001">000006698</controlfield><controlfield tag="002">20161230</controlfield><controlfield tag="005">20170208130757</controlfield><controlfield tag="008">060222s1000------------r-----000-0-eng-d</controlfield><datafield ind1=" " ind2=" " tag="245"><subfield code="a">Dictionar rus-roman</subfield><subfield code="c">redactor responsabil, Gh.Bolocan</subfield></datafield><datafield ind1=" " ind2=" " tag="260"><subfield code="a">Bucuresti</subfield><subfield code="b">Ed.Stiintifica</subfield><subfield code="c">1964</subfield></datafield><datafield ind1=" " ind2=" " tag="300"><subfield code="a">829 p</subfield></datafield><datafield ind1=" " ind2=" " tag="852"><subfield code="a">801.323.2=82=590</subfield></datafield><datafield ind1=" " ind2=" " tag="CAT"><subfield code="a">SYS</subfield><subfield code="c">20170208</subfield><subfield code="h">130757</subfield></datafield></record></collection>